
@book{automata,
    title = {Introduction to Automata Theory, Languages, and Computation},
    author = {Hopcroft, John E. and Ullman, Jeffrey D.},
    isbn = {0-201-02988-X},
    series = {Addison-Wesley Series in Computer Science},
    year = {1979},
    publisher = {Addison-Wesley Publishing Company},
    keywords = {automata}
}

@book{cormen2009introduction,
    title={Introduction to Algorithms},
    author={Cormen, Thomas H. and Leiserson, Charles E. and Rivest, Ronald L. and Stein, Clifford},
    year={2009},
    publisher={MIT press}
}


